@inproceedings{valipour,
  title={A brief survey of software architecture concepts and service oriented architecture},
  author={Valipour, Mohammad Hadi and AmirZafari, Bavar and Maleki, Khashayar Niki and Daneshpour, Negin},
  booktitle={2009 2nd IEEE International Conference on Computer Science and Information Technology},
  pages={34--38},
  year={2009},
  organization={IEEE}
}

@article{brown,
  title={Using service-oriented architecture and component-based development to build web service applications},
  author={Brown, Alan and Johnston, Simon and Kelly, Kevin},
  journal={Rational Software Corporation},
  volume={6},
  pages={1--16},
  year={2002}
}

@book{fielding,
  title={Architectural styles and the design of network-based software architectures},
  author={Fielding, Roy T and Taylor, Richard N},
  volume={7},
  year={2000},
  publisher={University of California, Irvine Doctoral dissertation}
}

@misc{eizinger,
  title={API Design in Distributed Systems: A Comparison between GraphQL and REST},
  author={Eizinger, Thomas},
  year={2017},
  publisher={Wien}
}

@article{veloso,
  title={A Migração de Máquinas Virtuais no Gerenciamento de Recursos em Ambientes de Nuvens Computacionais},
  author={Alexandre Veloso de Matos},
  year={2017},
  publisher={Universidade Federal do Paraná (UFPR)}
}

@article{ticona,
  title={Algoritmos evolutivos para otimiza{\c{c}}{\~a}o multi-objetivo},
  author={Ticona, Waldo Gonzalo Cancino and Delb{\'e}m, Alexandre Claudio Botazzo},
  journal={Relat{\'o}rio t{\'e}cnico. Notas Did{\'a}ticas do ICMC-USP},
  volume={76},
  year={2008}
}

@book{lecheta,
  title={Web Services RESTful: Aprenda a criar web services RESTful em Java na nuvem do Google},
  author={Lecheta, Ricardo R},
  year={2015},
  publisher={Novatec Editora}
}

@article{ghosh,
  title={Non-dominated rank based sorting genetic algorithms},
  author={Ghosh, Ashish and Das, Mrinal Kanti},
  journal={Fundamenta Informaticae},
  volume={83},
  number={3},
  pages={231--252},
  year={2008},
  publisher={IOS Press}
}

@article{moea,
  title={MOEA framework user guide},
  author={Hadka, David},
  year={2014}
}

@article{todd,
  title={Restful service best practices},
  author={Fredrich, Todd},
  journal={Recommendations for Creating Web Services},
  pages={1--34},
  year={2012}
}

@incollection{beloglazov,
  title={A taxonomy and survey of energy-efficient data centers and cloud computing systems},
  author={Beloglazov, Anton and Buyya, Rajkumar and Lee, Young Choon and Zomaya, Albert},
  booktitle={Advances in computers},
  volume={82},
  pages={47--111},
  year={2011},
  publisher={Elsevier}
}

@inproceedings{pires,
  title={A virtual machine placement taxonomy},
  author={Pires, Fabio L{\'o}pez and Bar{\'a}n, Benjam{\'\i}n},
  booktitle={2015 15th IEEE/ACM International Symposium on Cluster, Cloud and Grid Computing},
  pages={159--168},
  year={2015},
  organization={IEEE}
}